
@article{idk,
	author = {Autors},
	title = {Nosaukums},
	year = 2013
}